3034 4892
279 167 344 233 vi
1025 166 1101 230 P.
1145 164 1526 235 vutolul
1567 166 1970 236 MARole

286 311 505 376 domus
532 322 745 373 vocat:
788 322 851 373 et
876 310 1070 374 solum
1097 325 1297 393 rogat,
1322 334 1404 381 an
1428 314 1584 376 sciat
1694 315 1710 330 “
1786 335 1885 377 am
1911 326 2086 391 esset,
2109 326 2171 377 et
2196 334 2379 398 quam
2406 313 2486 377 sd
2513 314 2703 379 felici-

284 397 502 460 tandos
547 394 817 478 homines
862 395 1207 458 facultatem
1237 398 1504 459 baberet.
1590 336 1777 477 laovi,
1803 397 1999 480 inquit
2037 396 2241 476 Maro,
2284 410 2345 460 te
2389 396 2703 463 Caesarem

284 479 661 559 Augustum:
706 490 768 539 et
795 478 981 541 ferme
1012 498 1253 560 aequam
1296 498 1436 542 cmn
1464 476 1605 541 Diis
1631 481 2071 545 immortalibus
2099 493 2451 567 potestatem
2479 482 2705 545 babere

284 561 431 636 scio,
460 573 528 622 ut
555 581 734 643 quem
762 562 854 624 vis
876 563 1109 624 felicem
1138 562 1344 627 facias.
1424 561 1533 629 Eo
1553 564 1757 631 suino
1779 582 1931 641 sum,
2217 578 2278 628 et
2299 564 2537 641 Caesar,
2560 578 2630 628 ut
2650 565 2702 628 si

282 662 491 706 verum
516 665 631 742 pro
659 660 882 728 rogatu
909 645 1150 722 dixeris,
1194 649 1438 710 beatum
1478 660 1541 709 te
1563 636 1934 732 'felicemque
2069 646 2228 711 dam.
2312 646 2586 726 Utinam,
2615 647 2705 712 ait

279 722 485 804 Maro,
526 729 926 811 interroganti
970 729 1079 791 tibi
1122 748 1269 792 vera
1310 731 1512 792 dicere
1550 748 1786 812 queam.
1871 730 2053 794 Tunc
2081 732 2427 814 Augustus:
2471 731 2705 795 Putant

281 808 388 872 alii
406 829 502 873 me
523 826 731 874 natum
756 811 1052 891 Octavi03
1090 814 1343 896 quidm
1365 815 1749 898 suspicantur
1769 815 2008 879 alione
2031 816 2301 897 genitum
2321 815 2476 878 viro.
2559 814 2702 879 Ma-

281 912 354 955 ro
395 894 708 957 subridens
722 917 743 973 ;
785 892 1022 974 Facile,
1067 896 1282 979 inquit,
1327 899 1379 963 si
1421 898 1692 981 impune,
1719 900 2087 982 licenterque
2115 918 2255 981 quae
2298 899 2490 962 sentio
2531 898 2703 981 loqui

134 988 163 1007 ⁶
268 975 472 1058 jubes,
520 977 583 1039 id
629 978 847 1041 dicam.
933 980 1214 1043 Affirmat
1242 981 1462 1044 Caesar
1474 984 1899 1064 jurejurando,
1930 982 2162 1045 nullum
2208 983 2337 1064 ejus
2383 982 2612 1045 dictum
2639 1001 2705 1044 se

281 1059 455 1142 teg-re
499 1060 803 1139 latui-mm
842 1060 966 1141 imo
1012 1078 1136 1127 non
1188 1066 1303 1129 nisi
1348 1065 1643 1129 donatum
1689 1067 1768 1129 ab
1796 1087 1871 1131 eo
1899 1065 2317 1133 discessurum.
2397 1066 2506 1133 Ad
2545 1066 2703 1142 hoec,

279 1144 492 1208 ocuto-
538 1145 731 1207 oeulis
774 1142 1040 1225 Augusti
1069 1146 1329 1227 infigens
1354 1144 1574 1225 Mai-03
1613 1146 1908 1225 Facilius,
1929 1148 2040 1226 ait,
2069 1150 2134 1210 in
2163 1149 2408 1210 caeteris
2428 1144 2705 1211 animali·

281 1226 395 1293 buu
434 1226 753 1308 qualitates
781 1240 1098 1311 parentum
1144 1230 1582 1293 mathematicis
1608 1244 1670 1294 et
1696 1232 2074 1315 philosophis
2099 1231 2391 1315 cognosci
2419 1243 2707 1317 possuntz

282 1310 344 1374 in
373 1309 615 1372 homine
632 1331 790 1395 nequ
874 1332 1015 1374 uam
1040 1314 1331 1399 possibile
1358 1327 1466 1376 est.
1554 1314 1680 1377 Sed
1705 1316 1779 1377 de
1807 1328 1870 1378 te
1890 1317 2299 1398 conjecturam
2317 1316 2520 1377 babeo
2539 1315 2709 1381 simi·-

281 1386 397 1456 lem
424 1392 573 1471 veri,
618 1409 686 1458 ut
722 1390 824 1481 qui
898 1394 1230 1459 exercuerit
1256 1410 1430 1480 pater
1458 1412 1615 1479 tuus,
1643 1398 1794 1460 scire
1822 1399 2066 1482 possim.
2152 1394 2401 1460 Attente
2427 1417 2501 1459 ex
2545 1412 2708 1465 eete-

238 1490 243 1499 ·
278 1478 385 1540 bat
410 1470 725 1560 Aug-ustus
755 1481 1042 1581 quidnam
1088 1481 1331 1543 diceret.
1418 1480 1505 1543 At
1532 1472 1670 1561 ille3
1712 1481 2024 1565 Quantum
2054 1500 2172 1564 ego
2200 1500 2326 1543 rem
2372 1480 2496 1543 inte
2520 1476 2711 1561 ligere

276 1574 544 1645 possum,
574 1560 818 1645 pistoris
847 1562 1009 1625 filius
1035 1586 1118 1643 es,
1149 1565 1364 1647 inquit.
1451 1564 1650 1629 Obstu
1736 1580 1866 1628 erat
1893 1564 2130 1640 Caesar,
2160 1575 2219 1623 et
2247 1563 2448 1624 statim
2477 1583 2599 1644 quo
2644 1560 2710 1625 id

277 1657 460 1743 pacto
505 1644 637 1709 fieri
680 1647 966 1729 potuerit,
1012 1648 1216 1712 animo
1259 1648 1564 1712 volvebat.
1649 1587 2099 1727 ffltemmpens
2141 1640 2478 1726 Virgilius:
2524 1634 2710 1737 Audi,

274 1728 492 1810 inquit,
519 1748 640 1811 quo
659 1740 842 1813 pacto
866 1730 931 1794 id
959 1732 1240 1795 con'icio.
1328 1732 1492 1792 cum
1522 1729 1805 1811 quaedam
1828 1726 2276 1789 enunciaverim
2294 1727 2712 1811 praedixerim-

275 1826 413 1896 que,
459 1828 598 1894 quae
644 1812 905 1895 intelligi
954 1817 1037 1875 sci
1095 1836 1215 1896 que
1260 1833 1383 1874 non
1430 1812 1547 1874 nisi
1591 1813 1670 1873 ab
1712 1811 2128 1874 eruditissimis
2171 1811 2535 1894 summisque
2563 1808 2712 1875 viris

320 1896 627 1973 otuissent,
672 1909 739 1957 tu
783 1898 1067 1979 princeps
1096 1895 1261 1958 orbis
1289 1896 1508 1957 iterum
1532 1907 1593 1957 et
1613 1895 1831 1958 iterum
1854 1915 2046 1976 panes
2086 1896 2152 1957 in
2193 1894 2530 1959 mercedem
2576 1892 2712 1963 dari

262 1910 496 2062 fussisti
510 2000 532 2063 3
577 1978 740 2062 quod
767 1979 1009 2061 quidem
1038 1993 1144 2042 aut
1212 1979 1434 2058 istoris,
1484 1991 1591 2042 aut
1635 1978 1762 2042 nati
1787 1978 2014 2063 pistore
2037 1978 2301 2042 officium
2329 1993 2476 2042 erat.
2561 1974 2713 2042 Pla-

160 2094 173 2109 ·
275 2062 402 2125 ‘cuit
430 2056 670 2125 Coesari
699 2060 938 2125 facetia.
1024 2062 1110 2126 At
1182 2063 1350 2126 eince
1395 2082 1442 2141 s,
1488 2062 1686 2146 inquit
1729 2058 1967 2142 Caesar,
2015 2084 2138 2126 non
2183 2063 2221 2126 ὃ,
2305 2060 2507 2139 istm-e,
2540 2062 2646 2124 sed
2675 2058 2715 2123 ἆ

272 2147 843 2295 κμᾶῗψωὶωο
870 2146 1036 2210 dona
1078 2146 1250 2210 seres.
1372 2146 1644 2232 llumque
1669 2144 1917 2232 plurimi
1957 2146 2120 2227 fecit,
2157 2159 2218 2211 et
2303 2145 2517 2211 ollioni
2546 2166 2714 2235 com·

336 2244 413 2292 en
493 2244 601 2292 vit.

267 2240 641 2399 ⁴¹¹³'Corpore
670 2326 731 2378 et
758 2313 990 2379 statura
1017 2312 1131 2379 fuit
1177 2316 1419 2399 grandi,
1452 2312 1726 2399 aquilino
1754 2316 1978 2395 colore,
2009 2316 2164 2380 facie
2191 2312 2518 2395 rusticana,
2548 2310 2714 2397 vale-

270 2392 483 2462 tudine
504 2398 713 2481 ναι-ἰὴ
757 2421 899 2463 nam
935 2400 1291 2484 plerumque
1317 2401 1395 2463 ab
1420 2402 1735 2464 stomacho
1763 2414 1824 2464 et
1851 2401 2127 2465 saucibus
2156 2422 2230 2464 ac
2257 2399 2470 2467 dolore
2499 2420 2575 2462 ca
2615 2394 2718 2460 itis

271 2478 631 2563 laborabat3
676 2502 783 2546 san
876 2484 1034 2547 'nem
1064 2486 1247 2547 etiam
1272 2486 1496 2570 saepius
1526 2485 1728 2567 ejecit.
1814 2484 1962 2549 Cibi
1984 2486 2232 2568 vinique
2251 2482 2502 2549 minimi.
2650 2490 2717 2544 a'·

272 2584 374 2631 ma
401 2580 492 2630 est
517 2584 657 2629 eum
684 2567 795 2631 libi
841 2567 957 2631 'nis
978 2570 1285 2654 pronioris
1309 2570 1374 2632 in
1401 2590 1624 2653 pueros
1653 2569 1871 2650 suisse3
1915 2570 2019 2633 sed
2041 2570 2190 2631 boni
2215 2568 2303 2630 ita
2329 2588 2467 2629 eum
2494 2576 2719 2651 pueros

271 2649 504 2713 amasse
532 2664 920 2735 putaverunt,
953 2665 1020 2715 ut
1049 2653 1334 2716 Socrates
1361 2653 1769 2730 Alcibiadem,
1801 2665 1862 2715 et
1887 2651 2074 2715 Plato
2103 2672 2243 2715 suos
2261 2671 2507 2737 pueros.
2590 2645 2718 2707 Ve-

271 2730 407 2796 rt'im
434 2733 593 2796 inter
621 2755 830 2797 omnes
860 2736 1123 2799 maxime
1150 2735 1362 2799 dilexit
1391 2734 1705 2813 Cebetem,
1736 2750 1796 2799 et
1834 2736 2271 2813 Alexandrum,
2344 2754 2481 2795 uem
2504 2740 2718 2793 secunss

271 2812 355 2880 da
391 2810 833 2880 Bucolicorum
862 2817 1083 2900 ecloga
1124 2816 1369 2880 Alexim
1398 2840 1477 2902 ap
1524 2819 1689 2898 ellat,
1719 2820 2013 2883 donatum
2053 2818 2168 2880 sibi
2198 2818 2278 2877 ab
2367 2816 2523 2875 sinio
2566 2812 2720 2876 Pol-

266 2899 455 2965 lione.
540 2896 888 2982 Utrumque
916 2921 1042 2960 non
1070 2900 1439 2961 ineruditum
1511 2903 1734 2976 imisit;
1797 2901 2209 2960 Alexandrum
2233 2897 2592 2979 grammatic

272 2978 569 3055 Cebetem
596 2978 744 3045 vero
773 2995 835 3043 et
858 2984 1129 3065 poetam.
1216 2976 1560 3063 vulgatum
1589 2990 1698 3055 est,
1729 2979 2111 3041 consuevisse
2153 3000 2292 3041 eum
2335 3000 2474 3042 cum
2512 2978 2679 3043 Ploti

270 3062 509 3131 Hieri'z‘i.
627 3064 755 3147 Sed
805 3062 1111 3127 Asconius
1160 3058 1498 3126 Paediauus
1557 3060 1834 3140 affirmat,
1878 3060 1899 3124 i
1947 3083 2077 3125 sum
2127 3063 2342 3146 postea
2386 3062 2720 3125 minoribus

274 3158 424 3221 natu
466 3170 717 3213 narrare
760 3147 1023 3227 solitum,
1068 3148 1390 3210 invitatum
1418 3145 1663 3231 quidem
1709 3166 1771 3209 se
1800 3147 1839 3208 ὁ,
1931 3146 2061 3208 ario
2109 3146 2188 3208 ad
2234 3146 2718 3209 communionem

275 3234 565 3312 mulieris,
592 3232 805 3297 verum
847 3254 912 3297 se
939 3231 1419 3318 pertinacissime
1449 3229 1777 3293 recusasse.
1865 3226 2114 3294 Caeteri
2142 3228 2288 3293 sane
2329 3228 2476 3305 vita,
2503 3239 2563 3289 et
2591 3248 2716 3313 ore,

277 3332 339 3385 et
380 3302 605 3401 animo,
635 3331 763 3387 tam
806 3318 1071 3405 probum
1110 3316 1581 3393 suisse‘constat,
1607 3326 1674 3377 ut
1699 3313 1841 3377 Nea
1885 3315 1968 3377 oli
1995 3312 2359 3377 Parthenias
2388 3308 2578 3395 vulgo
2609 3332 2719 3412 ap·

274 3400 644 3495 pellat-etur:
686 3422 783 3481 ac,
810 3402 860 3465 si
930 3396 1138 3464 uando
1166 3396 1391 3464 Romae
1416 3399 1539 3483 quo
1569 3337 1880 3462 rarissimi,
1899 3398 2280 3462 commeabat
2316 3395 2628 3472 viseretur,
2654 3404 2721 3459 m

279 3486 530 3574 publico
574 3496 869 3550 sectantes
940 3496 1495 3567 emonstrantesque
1533 3502 1614 3563 se,
1663 3483 2076 3564 subterfugere
2120 3478 2362 3542 solitum
2403 3477 2468 3540 in
2511 3478 2720 3563 proxi-

281 3590 449 3637 mum
474 3582 720 3635 tectum.
803 3569 992 3633 Bona
1020 3583 1221 3632 autem
1267 3568 1583 3651 cujusdam
1612 3567 1908 3630 exulantis
1945 3564 2230 3627 offerente
2260 3563 2564 3647 Augusto,
2594 3582 2721 3627 non

282 3654 566 3721 sustinuit
591 3655 723 3717 acci
802 3653 888 3716 ress
972 3646 1259 3716 Possedit
1302 3673 1415 3736 pro
1463 3650 1496 3711 e
1530 3650 1752 3713 centies
1782 3649 2116 3712 sestertium
2154 3667 2228 3709 ex
2255 3642 2719 3709 liberafltatibus

285 3739 638 3803 amicorum.
794 3736 1081 3821 abuitque
1109 3734 1358 3800 domum
1384 3672 1609 3797 lfomae
1638 3736 1702 3798 in
1729 3730 2262 3817 Exquiliis,'juxta
2305 3731 2514 3793 hortos
2557 3726 2719 3792 Μω-

283 3825 513 3893 cenatis
534 3846 553 3885 ε
592 3842 678 3906 qu
846 3842 946 3883 am
991 3840 1226 3884 secessu
1255 3818 1619 3907 Campaniae
1667 3817 2019 3900 Siciliaeque
2059 3814 2388 3901 plurimum
2431 3814 2715 3876 uteretur.

286 3892 690 3993 quecunque
732 3928 772 3969 a
859 3902 1143 3987 Augusto
1178 3915 1425 3988 peteret,
1457 3903 1761 3987 repulsam
1783 3906 2094 3984 nunquam
2122 3897 2352 3962 habuit.
2431 3892 2718 3983 'Parenti7

287 3986 405 4055 bus
426 3990 749 4088 quotannis
774 4004 989 4052 aurum
1019 3989 1098 4057 ad
1119 3988 1529 4051 abundantem
1558 3985 1770 4050 alitum
1798 3984 2106 4049 mittebat:
2136 4003 2286 4067 quos
2302 3984 2438 4067 jam
2466 3977 2718 4061 grandis

292 4070 525 4163 amiqt:
568 4094 643 4136 ex
671 4072 909 4159 quibus,
939 4084 1173 4156 patrem
1202 4071 1393 4134 oculis
1418 4083 1697 4154 captum:
1742 4082 1802 4132 et
1830 4069 1983 4147 duos
2010 4066 2222 4131 stati-es
2245 4082 2583 4150 germanos,
2615 4061 2718 4125 Si-

290 4152 495 4219 lonem
540 4154 935 4240 impuberem,
981 4150 1278 4221 Flaccum
1315 4156 1451 4238 jam
1502 4152 1794 4241 adultum,
1843 4153 2015 4234 cujus
2058 4152 2298 4239 exitum¹
2321 4146 2433 4239 pub
2473 4147 2719 4209 nomine

293 4236 642 4324 Daphnidis
691 4240 889 4305 defiet.
973 4236 1142 4303 Inter
1185 4250 1411 4301 caetera
1455 4238 1673 4316 studia,
1727 4246 1794 4301 ut
1844 4236 2028 4321 supri
2071 4234 2347 4315 diximus,
2399 4228 2718 4295 medicinae

297 4342 559 4424 quoque,
588 4341 661 4387 ac
689 4322 953 4389 maxime
982 4322 1422 4387 mathematicae
1452 4340 1701 4406 operam
1728 4316 1912 4384 dedit.
1995 4316 2152 4405 Egit
2177 4329 2238 4381 et
2262 4332 2506 4378 causam
2534 4328 2721 4405 unam

300 4420 567 4485 ommno,
612 4422 725 4473 nec
772 4409 1031 4494 amplius
1153 4404 1168 4425 ⁸
1273 4404 1474 4470 semel.
1553 4404 1855 4495 „Sermone
1882 4402 2305 4485 tardissimum,
2338 4418 2412 4468 ac
2435 4398 2596 4501 pene
2623 4397 2720 4489 iu?

302 4482 487 4573 docto
512 4486 767 4557 amnem
791 4490 995 4571 fuisse,
1091 4490 1304 4560 elissus
1325 4486 1595 4555 tradidit.
2257 4490 2302 4501 ““

252 4748 543 4820 Α·
